@article{Abraham2010,
 author = {Abraham, Ute and Granada, Adri\'{a}n E and Westermark, P\aa l O and Heine, Markus and Kramer, Achim and Herzel, Hanspeter},
 journal = {Mol. Syst. Biol.},
 month = {nov},
 number = {438},
 pages = {438},
 title = {Coupling governs entrainment range of circadian clocks.},
 volume = {6},
 year = {2010},
}

@article{Achermann1999,
 author = {Achermann, P. and Kunz, H.},
 journal = {J. Biol. Rhythms},
 month = {dec},
 number = {6},
 pages = {460--468},
 title = {Modeling Circadian Rhythm Generation in the Suprachiasmatic Nucleus with Locally Coupled Self-Sustained Oscillators: Phase Shifts and Phase Response Curves},
 volume = {14},
 year = {1999},
}

@article{An2013,
 author = {An, Sungwon and Harang, Rich and Meeker, Kirsten and Granados-Fuentes, Daniel and Tsai, Connie A and Mazuski, Cristina and Kim, Jihee and {Doyle~III}, Francis J and Petzold, Linda R and Herzog, Erik D},
 journal = {Proc. Natl. Acad. Sci. U. S. A.},
 month = {nov},
 number = {46},
 pages = {E4355--E4361},
 title = {A neuropeptide speeds circadian entrainment by reducing intercellular synchrony.},
 volume = {110},
 year = {2013},
}

@article{Ananthasubramaniam2014a,
 author = {Ananthasubramaniam, Bharath and Herzel, Hanspeter},
 journal = {PLoS One},
 month = {jan},
 number = {8},
 pages = {e104761},
 title = {Positive Feedback Promotes Oscillations in Negative Feedback Loops.},
 volume = {9},
 year = {2014},
}

@article{Andersson2010,
 author = {Andersson, Joel and Houska, Boris and Diehl, Moritz},
 journal = {3rd Int. Work. Equation-Based Object-Oriented Model. Lang. Tools},
 pages = {99--105},
 title = {Towards a Computer Algebra System with Automatic Differentiation for use with Object-Oriented modelling languages},
 year = {2010},
}

@phdthesis{Andersson2013b,
 author = {Andersson, Joel},
 month = {oct},
 title = {A General-Purpose Software Framework for Dynamic Optimization},
 year = {2013},
}

@article{Aton2005,
 author = {Aton, Sara J and Colwell, Christopher S and Harmar, Anthony J and Waschek, James and Herzog, Erik D},
 journal = {Nat. Neurosci.},
 month = {apr},
 number = {4},
 pages = {476--483},
 title = {Vasoactive intestinal polypeptide mediates circadian rhythmicity and synchrony in mammalian clock neurons.},
 volume = {8},
 year = {2005},
}

@article{Baggs2009,
 author = {Baggs, Julie E and Price, Tom S and DiTacchio, Luciano and Panda, Satchidananda and Fitzgerald, Garret A and Hogenesch, John B},
 journal = {PLoS Biol.},
 month = {mar},
 number = {3},
 pages = {e52},
 title = {Network features of the mammalian circadian clock},
 volume = {7},
 year = {2009},
}

@article{Balsalobre1998,
 author = {Balsalobre, A and Damiola, F and Schibler, U},
 journal = {Cell},
 month = {jun},
 number = {6},
 pages = {929--937},
 title = {A serum shock induces circadian gene expression in mammalian tissue culture cells.},
 volume = {93},
 year = {1998},
}

@article{Bass2010,
 author = {Bass, Joseph and Takahashi, Joseph S},
 journal = {Science},
 month = {dec},
 number = {6009},
 pages = {1349--1354},
 title = {Circadian integration of metabolism and energetics},
 volume = {330},
 year = {2010},
}

@article{Bass2012,
 author = {Bass, Joseph},
 journal = {Nature},
 month = {nov},
 number = {7424},
 pages = {348--356},
 title = {Circadian topology of metabolism.},
 volume = {491},
 year = {2012},
}

@article{Becker-Weimann2004,
 author = {Becker-Weimann, Sabine and Wolf, Jana and Herzel, Hanspeter and Kramer, Achim},
 journal = {Biophys. J.},
 month = {nov},
 number = {5},
 pages = {3023--3034},
 publisher = {Elsevier},
 title = {Modeling feedback loops of the Mammalian circadian oscillator},
 volume = {87},
 year = {2004},
}

@book{Biegler2010,
 author = {Biegler, L. T.},
 pages = {287--323},
 publisher = {SIAM},
 title = {Nonlinear Programming: Concepts, Algorithms, and Applications to Chemical Processes},
 year = {2010},
}

@article{Birmingham2009,
 author = {Birmingham, Amanda and Selfors, Laura M and Forster, Thorsten and Wrobel, David and Kennedy, Caleb J and Shanks, Emma and Santoyo-Lopez, Javier and Dunican, Dara J and Long, Aideen and Kelleher, Dermot and Smith, Queta and Beijersbergen, Roderick L and Ghazal, Peter and Shamu, Caroline E},
 journal = {Nat. Methods},
 month = {aug},
 number = {8},
 pages = {569--575},
 publisher = {Nature Publishing Group},
 title = {Statistical methods for analysis of high-throughput RNA interference screens.},
 volume = {6},
 year = {2009},
}

@article{Bock2007,
 author = {Bock, Hans Georg and Kostina, Ekaterina and Schloder, Johannes P},
 journal = {GAMM Mitteilungen},
 number = {2},
 pages = {376 -- 408},
 title = {Numerical methods for parameter estimation in nonlinear differential algebraic equations},
 volume = {408},
 year = {2007},
}

@article{Bure1974,
 author = {Bure, E. G. and Rosenwasser, E.},
 journal = {Autom. Remote Control},
 pages = {1045--1052},
 title = {The study of the sensitivity of oscillatory systems},
 volume = {7},
 year = {1974},
}

@article{Busino2007,
 author = {Busino, Luca and Bassermann, Florian and Maiolica, Alessio and Lee, Choogon and Nolan, Patrick M and Godinho, Sofia I H and Draetta, Giulio F and Pagano, Michele},
 journal = {Science},
 month = {may},
 number = {5826},
 pages = {900--904},
 title = {SCFFbxl3 controls the oscillation of the circadian clock by directing the degradation of cryptochrome proteins.},
 volume = {316},
 year = {2007},
}

@article{Cao2010,
 author = {Cao, Ruifeng and Obrietan, Karl},
 journal = {Mol. Cell. Pharmacol.},
 month = {jan},
 number = {4},
 pages = {125--130},
 title = {mTOR Signaling and Entrainment of the Mammalian Circadian Clock.},
 volume = {2},
 year = {2010},
}

@article{Castejon2013,
 author = {Castej\'{o}n, Oriol and Guillamon, Antoni and Huguet, Gemma},
 journal = {J. Math. Neurosci.},
 month = {jan},
 number = {1},
 pages = {13},
 title = {Phase-amplitude response functions for transient-state stimuli.},
 volume = {3},
 year = {2013},
}

@article{Chang2013,
 author = {Chang, Hung-Chun and Guarente, Leonard},
 journal = {Cell},
 month = {jun},
 number = {7},
 pages = {1448--1460},
 publisher = {Elsevier Inc.},
 title = {SIRT1 Mediates Central Circadian Control in the SCN by a Mechanism that Decays with Aging},
 volume = {153},
 year = {2013},
}

@article{Chen2013,
 author = {Chen, Zheng and Yoo, Seung-Hee and Takahashi, Joseph S},
 journal = {Cell. Mol. Life Sci.},
 month = {aug},
 number = {16},
 pages = {2985--2998},
 title = {Small molecule modifiers of circadian clocks.},
 volume = {70},
 year = {2013},
}

@incollection{Chirikjian2009,
 author = {Chirikjian, Gregory S.},
 booktitle = {Stoch. Model. Inf. Theory, Lie Groups, Vol. 1},
 chapter = {2},
 pages = {31--61},
 publisher = {Birkh\"{a}user Boston},
 title = {Gaussian Distributions and the Heat Equation},
 volume = {1},
 year = {2009},
}

@article{Cookson2009,
 author = {Cookson, Natalie A and Tsimring, Lev S and Hasty, Jeff},
 journal = {FEBS Lett.},
 month = {dec},
 number = {24},
 pages = {3931--3937},
 publisher = {Federation of European Biochemical Societies},
 title = {The pedestrian watchmaker: genetic clocks from engineered oscillators},
 volume = {583},
 year = {2009},
}

@article{Daan1976,
 author = {Daan, Serge and Pittendrigh, Colin S.},
 journal = {J. Comp. Physiol. A},
 month = {oct},
 number = {3},
 pages = {253--266},
 title = {A Functional analysis of circadian pacemakers in nocturnal rodents},
 volume = {106},
 year = {1976},
}

@article{Dickinson1976,
 author = {Dickinson, Robert P and Gelinas, Robert J},
 journal = {J. Comput. Phys.},
 month = {jun},
 number = {2},
 pages = {123--143},
 title = {Sensitivity analysis of ordinary differential equation systems\textemdash A direct method},
 volume = {21},
 year = {1976},
}

@book{Dunlap2009,
 author = {Dunlap, Jay C. and Loros, Jennifer J. and DeCoursey, Patricia J.},
 pages = {382},
 publisher = {Sinauer Associates, Inc.},
 title = {Chronobiology: Biological Timekeeping},
 year = {2009},
}

@article{Edgar2012,
 author = {Edgar, Rachel S and Green, Edward W and Zhao, Yuwei and van Ooijen, Gerben and Olmedo, Maria and Qin, Ximing and Xu, Yao and Pan, Min and Valekunja, Utham K and Feeney, Kevin A and Maywood, Elizabeth S and Hastings, Michael H and Baliga, Nitin S and Merrow, Martha and Millar, Andrew J and Johnson, Carl H and Kyriacou, Charalambos P and O'Neill, John S and Reddy, Akhilesh B},
 journal = {Nature},
 month = {may},
 number = {7399},
 pages = {459--464},
 title = {Peroxiredoxins are conserved markers of circadian rhythms.},
 volume = {485},
 year = {2012},
}

@article{Feehery1997,
 author = {Feehery, William F. and Tolsma, John E. and Barton, Paul I.},
 journal = {Appl. Numer. Math.},
 month = {oct},
 number = {1},
 pages = {41--54},
 title = {Efficient sensitivity analysis of large-scale differential-algebraic systems},
 volume = {25},
 year = {1997},
}

@article{Field1974,
 author = {Field, Richard J. and Noyes, Richard M.},
 journal = {J. Chem. Phys.},
 number = {5},
 pages = {1877},
 title = {Oscillations in chemical systems. IV. Limit cycle behavior in a model of a real chemical reaction},
 volume = {60},
 year = {1974},
}

@book{Floudas1995,
 author = {Floudas, Christodoulos A.},
 pages = {45--75},
 publisher = {Oxford University Press},
 title = {Nonlinear and Mixed-Integer Optimization},
 year = {1995},
}

@article{Forger2003,
 author = {Forger, Daniel B and Peskin, Charles S},
 journal = {Proc. Natl. Acad. Sci. U. S. A.},
 month = {dec},
 number = {25},
 pages = {14806--14811},
 title = {A detailed predictive model of the mammalian circadian clock},
 volume = {100},
 year = {2003},
}

@article{Forger2005,
 author = {Forger, Daniel B and Peskin, Charles S},
 journal = {PNAS},
 month = {jan},
 number = {2},
 pages = {321--324},
 title = {Stochastic simulation of the mammalian circadian clock},
 volume = {102},
 year = {2005},
}

@article{Gallego2006,
 author = {Gallego, Monica and Eide, Erik J and Woolf, Margaret F and Virshup, David M and Forger, Daniel B},
 journal = {Proc. Natl. Acad. Sci. U. S. A.},
 month = {jul},
 number = {28},
 pages = {10618--10623},
 title = {An opposite role for tau in circadian rhythms revealed by mathematical modeling.},
 volume = {103},
 year = {2006},
}

@article{Gillespie1977,
 author = {Gillespie, Daniel T},
 journal = {J. Phys. Chem.},
 number = {25},
 pages = {2340--2361},
 title = {Exact Stochastic Simulation of Coupled Chemical Reactions},
 volume = {84},
 year = {1977},
}

@article{Godinho2007,
 author = {Godinho, Sofia I H and Maywood, Elizabeth S and Shaw, Linda and Tucci, Valter and Barnard, Alun R and Busino, Luca and Pagano, Michele and Kendall, Rachel and Quwailid, Mohamed M and Romero, M Rosario and O'neill, John and Chesham, Johanna E and Brooker, Debra and Lalanne, Zuzanna and Hastings, Michael H and Nolan, Patrick M},
 journal = {Science},
 month = {may},
 number = {5826},
 pages = {897--900},
 title = {The after-hours mutant reveals a role for Fbxl3 in determining mammalian circadian period.},
 volume = {316},
 year = {2007},
}

@article{Goldbeter1995,
 author = {Goldbeter, Albert},
 journal = {Proc. Biol. Sci.},
 month = {sep},
 number = {1362},
 pages = {319--324},
 title = {A model for circadian oscillations in the Drosophila period protein (PER).},
 volume = {261},
 year = {1995},
}

@article{Goodwin1965,
 author = {Goodwin, B C},
 journal = {Adv. Enzyme Regul.},
 month = {jan},
 pages = {425--438},
 title = {Oscillatory behavior in enzymatic control processes},
 volume = {3},
 year = {1965},
}

@article{Griffett2013,
 author = {Griffett, Kristine and Burris, Thomas P},
 journal = {Bioorg. Med. Chem. Lett.},
 month = {apr},
 number = {7},
 pages = {1929--1934},
 title = {The mammalian clock and chronopharmacology.},
 volume = {23},
 year = {2013},
}

@article{GriffinJr.1999,
 author = {{Griffin Jr.}, E. A. and Staknis, David and Weitz, Charles J.},
 journal = {Science},
 month = {oct},
 number = {5440},
 pages = {768--771},
 title = {Light-Independent Role of CRY1 and CRY2 in the Mammalian Circadian Clock},
 volume = {286},
 year = {1999},
}

@article{Guenthner2014,
 author = {Guenthner, Casey J and Luitje, Martha E and Pyle, Lorna A and Molyneux, Penny C and Yu, Jimmy K and Li, Alexander S and Leise, Tanya L and Harrington, Mary E},
 journal = {PLoS One},
 month = {jan},
 number = {2},
 pages = {e87573},
 title = {Circadian rhythms of Per2::Luc in individual primary mouse hepatocytes and cultures.},
 volume = {9},
 year = {2014},
}

@article{Gunawan2006,
 author = {Gunawan, Rudiyanto and {Doyle~III}, Francis J},
 journal = {Biophys. J.},
 month = {sep},
 number = {6},
 pages = {2131--2141},
 title = {Isochron-based phase response analysis of circadian rhythms.},
 volume = {91},
 year = {2006},
}

@article{Gutenkunst2007,
 author = {Gutenkunst, Ryan N and Waterfall, Joshua J and Casey, Fergal P and Brown, Kevin S and Myers, Christopher R and Sethna, James P},
 journal = {PLoS Comput. Biol.},
 month = {oct},
 number = {10},
 pages = {1871--1878},
 title = {Universally sloppy parameter sensitivities in systems biology models},
 volume = {3},
 year = {2007},
}

@misc{HSL2011,
 author = {HSL},
 title = {A collection of Fortran codes for large scale scientific computation},
 year = {2011},
}

@article{Hahn-Windgassen2005,
 author = {Hahn-Windgassen, Annett and Nogueira, Veronique and Chen, Chia-Chen and Skeen, Jennifer E and Sonenberg, Nahum and Hay, Nissim},
 journal = {J. Biol. Chem.},
 month = {sep},
 number = {37},
 pages = {32081--32089},
 title = {Akt activates the mammalian target of rapamycin by regulating cellular ATP level and AMPK activity.},
 volume = {280},
 year = {2005},
}

@article{Hatori2012,
 author = {Hatori, Megumi and Vollmers, Christopher and Zarrinpar, Amir and DiTacchio, Luciano and Bushong, Eric A and Gill, Shubhroz and Leblanc, Mathias and Chaix, Amandine and Joens, Matthew and Fitzpatrick, James A J and Ellisman, Mark H and Panda, Satchidananda},
 journal = {Cell Metab.},
 month = {jun},
 number = {6},
 pages = {848--860},
 publisher = {Elsevier Inc.},
 title = {Time-restricted feeding without reducing caloric intake prevents metabolic diseases in mice fed a high-fat diet.},
 volume = {15},
 year = {2012},
}

@article{Hill1910,
 author = {Hill, Archibald Vivian},
 journal = {J. Physiol.},
 month = {jan},
 pages = {i----vii},
 title = {The possible effects of the aggregation of the molecules of h\ae moglobin on its dissociation curves},
 volume = {40},
 year = {1910},
}

@article{Hindmarsh2005,
 author = {Hindmarsh, Alan C and Brown, Peter N and Grant, Keith E and Lee, Steven L and Serban, Radu and Shumaker, D A N E and Woodward, Carol S},
 journal = {ACM Trans. Math. Softw.},
 number = {3},
 pages = {363--396},
 title = {SUNDIALS : Suite of Nonlinear and Differential / Algebraic Equation Solvers},
 volume = {31},
 year = {2005},
}

@article{Hirano2013,
 author = {Hirano, Arisa and Yumimoto, Kanae and Tsunematsu, Ryosuke and Matsumoto, Masaki and Oyama, Masaaki and Kozuka-Hata, Hiroko and Nakagawa, Tomoki and Lanjakornsiripan, Darin and Nakayama, Keiichi I. and Fukada, Yoshitaka},
 journal = {Cell},
 month = {feb},
 number = {5},
 pages = {1106--1118},
 publisher = {Elsevier Inc.},
 title = {FBXL21 Regulates Oscillation of the Circadian Clock through Ubiquitination and Stabilization of Cryptochromes},
 volume = {152},
 year = {2013},
}

@article{Hirota2008,
 author = {Hirota, Tsuyoshi and Lewis, Warren G. and Liu, Andrew C and Lee, Jae Wook and Schultz, Peter G and Kay, Steve A.},
 journal = {Proc. Natl. Acad. Sci. U. S. A.},
 month = {dec},
 number = {52},
 pages = {20746--20751},
 title = {A chemical biology approach reveals period shortening of the mammalian circadian clock by specific inhibition of GSK-3beta.},
 volume = {105},
 year = {2008},
}

@article{Hirota2010,
 author = {Hirota, Tsuyoshi and Lee, Jae Wook and Lewis, Warren G. and Zhang, Eric E. and Breton, Ghislain and Liu, Xianzhong and Garcia, Michael and Peters, Eric C. and Etchegaray, Jean-Pierre and Traver, David and Schultz, Peter G. and Kay, Steve A.},
 journal = {PLoS Biol.},
 month = {dec},
 number = {12},
 pages = {e1000559},
 title = {High-Throughput Chemical Screen Identifies a Novel Potent Modulator of Cellular Circadian Rhythms and Reveals CKI$\alpha$ as a Clock Regulatory Kinase},
 volume = {8},
 year = {2010},
}

@article{Hirota2012,
 author = {Hirota, Tsuyoshi and Lee, Jae Wook and {St. John}, Peter C and Sawa, Mariko and Iwaisako, Keiko and Noguchi, Takako and Pongsawakul, Pagkapol Y and Sonntag, Tim and Welsh, David K and Brenner, David A and {Doyle~III}, Francis J and Schultz, Peter G and Kay, Steve A},
 journal = {Science},
 month = {jul},
 number = {6098},
 pages = {1094--1097},
 title = {Identification of Small Molecule Activators of Cryptochrome.},
 volume = {337},
 year = {2012},
}

@article{Holmberg1982,
 author = {Holmberg, Andrea},
 journal = {Math. Biosci.},
 month = {nov},
 number = {1},
 pages = {23--43},
 title = {On the practical identifiability of microbial growth models incorporating Michaelis-Menten type nonlinearities},
 volume = {62},
 year = {1982},
}

@article{Hua1990,
 author = {Hua, Y. and Sarkar, T.K.},
 journal = {IEEE Trans. Acoust.},
 month = {may},
 number = {5},
 pages = {814--824},
 title = {Matrix pencil method for estimating parameters of exponentially damped/undamped sinusoids in noise},
 volume = {38},
 year = {1990},
}

@article{Hughes2009,
 author = {Hughes, Michael E and DiTacchio, Luciano and Hayes, Kevin R and Vollmers, Christopher and Pulivarthy, S and Baggs, Julie E and Panda, Satchidananda and Hogenesch, John B},
 journal = {PLoS Genet.},
 month = {apr},
 number = {4},
 pages = {e1000442},
 title = {Harmonics of circadian gene transcription in mammals},
 volume = {5},
 year = {2009},
}

@article{Izumo2003,
 author = {Izumo, Mariko and Johnson, Carl Hirschie and Yamazaki, Shin},
 journal = {Proc. Natl. Acad. Sci. U. S. A.},
 pages = {16089--16094},
 title = {Circadian gene expression in mammalian fibroblasts revealed by real-time luminescence reporting: temperature compensation and damping.},
 volume = {100},
 year = {2003},
}

@article{Izumo2006,
 author = {Izumo, Mariko and Sato, Takashi R and Straume, Martin and Johnson, Carl Hirschie},
 journal = {PLoS Comput. Biol.},
 month = {oct},
 number = {10},
 pages = {e136},
 title = {Quantitative analyses of circadian gene expression in mammalian cell cultures.},
 volume = {2},
 year = {2006},
}

@article{Jewett1998,
 author = {Jewett, M E and Kronauer, R E},
 journal = {J. Theor. Biol.},
 month = {jun},
 number = {4},
 pages = {455--465},
 title = {Refinement of a limit cycle oscillator model of the effects of light on the human circadian pacemaker.},
 volume = {192},
 year = {1998},
}

@article{Jimenez-Hornero2009,
 author = {Jim\'{e}nez-Hornero, Jorge E. and Santos-Due\~{n}as, In\'{e}s M. and Garc\'{\i}a-Garc\'{\i}a, Isidoro},
 journal = {Biochem. Eng. J.},
 month = {jun},
 number = {1},
 pages = {7--21},
 title = {Optimization of biotechnological processes. The acetic acid fermentation. Part II: Practical identifiability analysis and parameter estimation},
 volume = {45},
 year = {2009},
}

@article{Johnson2011,
 author = {Johnson, Kenneth a. and Goody, Roger S.},
 journal = {Biochemistry},
 number = {February},
 pages = {8264--8269},
 title = {The original Michaelis constant: Translation of the 1913 Michaelis-Menten Paper},
 volume = {50},
 year = {2011},
}

@misc{Jones,
 author = {Jones, Eric and Oliphant, Travis and Peterson, Pearu},
 title = {SciPy: Open Source Scientific Tools for Python},
 year = {2001},
}

@article{Joshi2006,
 author = {Joshi, M and Seidel-Morgenstern, A. and Kremling, A.},
 journal = {Metab. Eng.},
 month = {sep},
 number = {5},
 pages = {447--455},
 title = {Exploiting the bootstrap method for quantifying parameter confidence intervals in dynamical systems},
 volume = {8},
 year = {2006},
}

@incollection{Kell2006,
 author = {Kell, D. B. and Knowles, J. D.},
 booktitle = {Syst. Model. Cell. Biol. from concepts to nuts bolts},
 pages = {3--18},
 publisher = {MIT Press},
 title = {The role of modeling in systems biology},
 year = {2006},
}

@article{Kim2012,
 author = {Kim, Jae Kyoung and Forger, Daniel B},
 journal = {Mol. Syst. Biol.},
 month = {dec},
 number = {630},
 pages = {1--14},
 publisher = {Nature Publishing Group},
 title = {A mechanism for robust circadian timekeeping via stoichiometric balance},
 volume = {8},
 year = {2012},
}

@article{Kim2014,
 author = {Kim, Jae Kyoung and Kilpatrick, Zachary P. and Bennett, Matthew R. and Josi\'{c}, Kre\v{s}imir},
 journal = {Biophys. J.},
 month = {may},
 number = {9},
 pages = {2071--2081},
 title = {Molecular Mechanisms that Regulate the Coupled Period of the Mammalian Circadian Clock},
 volume = {106},
 year = {2014},
}

@article{Ko2006,
 author = {Ko, Caroline H and Takahashi, Joseph S},
 journal = {Hum. Mol. Genet.},
 month = {oct},
 number = {Spec No 2},
 pages = {R271--R277},
 title = {Molecular components of the mammalian circadian clock.},
 volume = {15},
 year = {2006},
}

@article{Kohsaka2007,
 author = {Kohsaka, Akira and Laposky, Aaron D and Ramsey, Kathryn Moynihan and Estrada, Carmela and Joshu, Corinne and Kobayashi, Yumiko and Turek, Fred W and Bass, Joseph},
 journal = {Cell Metab.},
 month = {nov},
 number = {5},
 pages = {414--421},
 title = {High-fat diet disrupts behavioral and molecular circadian rhythms in mice.},
 volume = {6},
 year = {2007},
}

@article{Kornmann2007,
 author = {Kornmann, Beno\^{\i}t and Schaad, Olivier and Bujard, Hermann and Takahashi, Joseph S and Schibler, Ueli},
 journal = {PLoS Biol.},
 month = {feb},
 number = {2},
 pages = {e34},
 title = {System-driven and oscillator-dependent circadian transcription in mice with a conditionally active liver clock.},
 volume = {5},
 year = {2007},
}

@article{Kramer1984,
 author = {Kramer, Mark A. and Rabitz, Herschel and Calo, Joseph M.},
 journal = {Appl. Math. Model.},
 month = {oct},
 number = {5},
 pages = {328--340},
 publisher = {Elsevier},
 title = {Sensitivity analysis of oscillatory systems},
 volume = {8},
 year = {1984},
}

@article{Kume1999,
 author = {Kume, K and Zylka, M J and Sriram, S and Shearman, L P and Weaver, D R and Jin, X and Maywood, E S and Hastings, Michael H and Reppert, S M},
 journal = {Cell},
 number = {2},
 pages = {193--205},
 publisher = {Elsevier},
 title = {mCRY1 and mCRY2 are essential components of the negative limb of the circadian clock feedback loop},
 volume = {98},
 year = {1999},
}

@article{Kurabayashi2010,
 author = {Kurabayashi, Nobuhiro and Hirota, Tsuyoshi and Sakai, Mihoko and Sanada, Kamon and Fukada, Yoshitaka},
 journal = {Mol. Cell. Biol.},
 month = {apr},
 number = {7},
 pages = {1757--1768},
 title = {DYRK1A and glycogen synthase kinase 3beta, a dual-kinase mechanism directing proteasomal degradation of CRY2 for circadian timekeeping},
 volume = {30},
 year = {2010},
}

@book{Kuramoto1984,
 author = {Kuramoto, Y.},
 publisher = {Springer-Verlag Berlin Heidelberg},
 title = {Chemical Oscillations, Waves, and Turbulence},
 year = {1984},
}

@article{Lamia2008,
 author = {Lamia, Katja A and Storch, Kai-Florian and Weitz, Charles J},
 journal = {Proc. Natl. Acad. Sci. U. S. A.},
 month = {sep},
 number = {39},
 pages = {15172--15177},
 title = {Physiological significance of a peripheral tissue circadian clock.},
 volume = {105},
 year = {2008},
}

@article{Lamia2009,
 author = {Lamia, Katja A and Sachdeva, Uma M and DiTacchio, Luciano and Williams, Elliot C and Alvarez, Jacqueline G and Egan, Daniel F and Vasquez, Debbie S and Juguilon, Henry and Panda, Satchidananda and Shaw, Reuben J and Thompson, Craig B and Evans, Ronald M},
 journal = {Science},
 month = {oct},
 number = {5951},
 pages = {437--440},
 title = {AMPK regulates the circadian clock by cryptochrome phosphorylation and degradation.},
 volume = {326},
 year = {2009},
}

@article{Lee2001,
 author = {Lee, C and Etchegaray, Jean-Pierre and Cagampang, F R and Loudon, Andrew S I and Reppert, S M},
 journal = {Cell},
 month = {dec},
 number = {7},
 pages = {855--867},
 title = {Posttranslational mechanisms regulate the mammalian circadian clock},
 volume = {107},
 year = {2001},
}

@article{Lee2009a,
 author = {Lee, Hyeongmin and Chen, Rongmin and Lee, Yongjin and Yoo, Seunghee and Lee, Choogon},
 journal = {Proc. Natl. Acad. Sci. U. S. A.},
 month = {dec},
 number = {50},
 pages = {21359--21364},
 title = {Essential roles of CKIdelta and CKIepsilon in the mammalian circadian clock.},
 volume = {106},
 year = {2009},
}

@article{Lee2011b,
 author = {Lee, Yongjin and Chen, Rongmin and Lee, Hyeong-min and Lee, Choogon},
 journal = {J. Biol. Chem.},
 month = {mar},
 number = {9},
 pages = {7033--7042},
 title = {Stoichiometric relationship among clock proteins determines robustness of circadian rhythms.},
 volume = {286},
 year = {2011},
}

@article{Lee2013,
 author = {Lee, Yongjin and Kim, Eun-Kyoung},
 journal = {Exp. Mol. Med.},
 month = {jan},
 number = {7},
 pages = {e33},
 publisher = {Nature Publishing Group},
 title = {AMP-activated protein kinase as a key molecular link between metabolism and clockwork.},
 volume = {45},
 year = {2013},
}

@article{Leise2011,
 author = {Leise, Tanya L and Harrington, Mary E},
 journal = {J. Biol. Rhythms},
 month = {oct},
 number = {5},
 pages = {454--463},
 title = {Wavelet-based time series analysis of circadian rhythms.},
 volume = {26},
 year = {2011},
}

@article{Leise2012,
 author = {Leise, Tanya L. and Wang, Connie W. and Gitis, Paula J. and Welsh, David K.},
 journal = {PLoS One},
 number = {3},
 pages = {1--10},
 title = {Persistent cell-autonomous circadian oscillations in fibroblasts revealed by six-week single-cell imaging of PER2::LUC bioluminescence},
 volume = {7},
 year = {2012},
}

@article{Leloup2003,
 author = {Leloup, Jean-Christophe and Goldbeter, Albert},
 journal = {Proc. Natl. Acad. Sci. U. S. A.},
 month = {jun},
 number = {12},
 pages = {7051--7056},
 title = {Toward a detailed computational model for the mammalian circadian clock.},
 volume = {100},
 year = {2003},
}

@article{Liu2007,
 author = {Liu, Andrew C and Welsh, David K and Ko, Caroline H and Tran, Hien G and Zhang, Eric E and Priest, Aaron A and Buhr, Ethan D and Singer, Oded and Meeker, Kirsten and Verma, Inder M and {Doyle~III}, Francis J and Takahashi, Joseph S and Kay, Steve A.},
 journal = {Cell},
 month = {may},
 number = {3},
 pages = {605--616},
 title = {Intercellular coupling confers robustness against mutations in the SCN circadian clock network},
 volume = {129},
 year = {2007},
}

@article{Luni2011,
 author = {Luni, Camilla and {Doyle III}, Francis J.},
 journal = {Int. J. Robust Nonlinear Control},
 month = {oct},
 number = {15},
 pages = {1730--1741},
 title = {Robust multi-drug therapy design and application to insulin resistance in type 2 diabetes},
 volume = {21},
 year = {2011},
}

@article{Marcheva2010,
 author = {Marcheva, Biliana and Ramsey, Kathryn Moynihan and Buhr, Ethan D and Kobayashi, Yumiko and Su, Hong and Ko, Caroline H and Ivanova, Ganka and Omura, Chiaki and Mo, Shelley and Vitaterna, Martha H and Lopez, James P and Philipson, Louis H and Bradfield, Christopher A and Crosby, Seth D and JeBailey, Lellean and Wang, Xiaozhong and Takahashi, Joseph S and Bass, Joseph},
 journal = {Nature},
 month = {jul},
 number = {7306},
 pages = {627--631},
 publisher = {Nature Publishing Group},
 title = {Disruption of the clock components CLOCK and BMAL1 leads to hypoinsulinaemia and diabetes.},
 volume = {466},
 year = {2010},
}

@book{Mardia2009,
 author = {Mardia, Kanti V. and Jupp, Peter E.},
 pages = {460},
 publisher = {John Wiley \& Sons},
 title = {Directional Statistics},
 year = {2009},
}

@article{Maywood2011,
 author = {Maywood, Elizabeth S and Chesham, Johanna E and Meng, Qing-Jun and Nolan, Patrick M and Loudon, Andrew S I and Hastings, Michael H},
 journal = {J. Neurosci.},
 month = {jan},
 number = {4},
 pages = {1539--1544},
 title = {Tuning the period of the mammalian circadian clock: additive and independent effects of CK1$\epsilon$Tau and Fbxl3Afh mutations on mouse circadian behavior and molecular pacemaking},
 volume = {31},
 year = {2011},
}

@article{McCarthy2009,
 author = {McCarthy, Ellena V and Baggs, Julie E and Geskes, Jeanne M and Hogenesch, John B and Green, Carla B},
 journal = {Mol. Cell. Biol.},
 month = {oct},
 number = {20},
 pages = {5465--5476},
 title = {Generation of a novel allelic series of cryptochrome mutants via mutagenesis reveals residues involved in protein-protein interaction and CRY2-specific repression},
 volume = {29},
 year = {2009},
}

@article{Meng2008,
 author = {Meng, Qing-jun and Logunova, Larisa and Maywood, Elizabeth S and Gallego, Monica and Lebiecki, Jake and Brown, Timothy M and Sl\'{a}dek, Martin and Semikhodskii, Andrei S and Glossop, Nicholas R J and Piggins, Hugh D and Chesham, Johanna E and Bechtold, David A and Yoo, Seung-hee and Takahashi, Joseph S and Virshup, David M and Boot-Handford, Raymond P and Hastings, Michael H and Loudon, Andrew S I},
 journal = {Neuron},
 month = {apr},
 number = {1},
 pages = {78--88},
 title = {Setting clock speed in mammals: the CK1 epsilon tau mutation in mice accelerates circadian pacemakers by selectively destabilizing PERIOD proteins.},
 volume = {58},
 year = {2008},
}

@article{Mirsky2009,
 author = {Mirsky, Henry P and Liu, Andrew C and Welsh, David K and Kay, Steve A. and {Doyle~III}, Francis J},
 journal = {Proc. Natl. Acad. Sci. U. S. A.},
 month = {jul},
 number = {27},
 pages = {11107--11112},
 title = {A model of the cell-autonomous mammalian circadian clock.},
 volume = {106},
 year = {2009},
}

@article{Miyazaki2001,
 author = {Miyazaki, Koyomi and Mesaki, Miho and Ishida, Norio},
 journal = {Mol. Cell. Biol.},
 month = {oct},
 number = {19},
 pages = {6651--6659},
 publisher = {American Society for Microbiology},
 title = {Nuclear entry mechanism of rat PER2 (rPER2): role of rPER2 in nuclear localization of CRY protein.},
 volume = {21},
 year = {2001},
}

@article{Nagoshi2004,
 author = {Nagoshi, Emi and Saini, Camille and Bauer, Christoph and Laroche, Thierry and Naef, Felix and Schibler, Ueli},
 journal = {Cell},
 month = {nov},
 number = {5},
 pages = {693--705},
 title = {Circadian gene expression in individual fibroblasts: cell-autonomous and self-sustained oscillators pass time to daughter cells.},
 volume = {119},
 year = {2004},
}

@article{Naimi2010,
 author = {Na\"{\i}mi, Mourad and Arous, Caroline and {Van Obberghen}, Emmanuel},
 journal = {Trends Endocrinol. Metab.},
 month = {feb},
 number = {2},
 pages = {75--82},
 title = {Energetic cell sensors: a key to metabolic homeostasis.},
 volume = {21},
 year = {2010},
}

@article{Nangle2013,
 author = {Nangle, Shannon and Xing, Weiman and Zheng, Ning},
 journal = {Cell Res.},
 month = {oct},
 pages = {1--3},
 title = {Crystal structure of mammalian cryptochrome in complex with a small molecule competitor of its ubiquitin ligase.},
 year = {2013},
}

@article{Nihtila1977,
 author = {Nihtil\"{a}, M and Virkkunen, J},
 journal = {Biotechnol. Bioeng.},
 month = {dec},
 number = {12},
 pages = {1831--1850},
 title = {Practical identifiability of growth and substrate consumption models.},
 volume = {19},
 year = {1977},
}

@article{Noguchi2013,
 author = {Noguchi, Takako and Wang, Lexie L and Welsh, David K},
 journal = {J. Biol. Rhythms},
 number = {3},
 pages = {183--192},
 title = {Fibroblast PER2 circadian rhythmicity depends on cell density.},
 volume = {28},
 year = {2013},
}

@article{Novak2008,
 author = {Nov\'{a}k, B\'{e}la and Tyson, John J},
 journal = {Nat. Rev. Mol. Cell Biol.},
 month = {dec},
 number = {12},
 pages = {981--991},
 title = {Design principles of biochemical oscillators},
 volume = {9},
 year = {2008},
}

@article{Ohsaki2008,
 author = {Ohsaki, Kanae and Oishi, Katsutaka and Kozono, Yuko and Nakayama, Keiko and Nakayama, Keiichi I and Ishida, Norio},
 journal = {J. Biochem.},
 month = {nov},
 number = {5},
 pages = {609--618},
 title = {The role of beta-TrCP1 and beta-TrCP2 in circadian rhythm generation by mediating degradation of clock protein PER2.},
 volume = {144},
 year = {2008},
}

@article{Panda2002,
 author = {Panda, Satchidananda and Hogenesch, John B and Kay, Steve A},
 journal = {Nature},
 number = {May},
 pages = {329--335},
 title = {Circadian rhythms from flies to human.},
 volume = {417},
 year = {2002},
}

@article{Pfeuty2011,
 author = {Pfeuty, Benjamin and Thommen, Quentin and Lefranc, Marc},
 journal = {Biophys. J.},
 month = {jun},
 number = {11},
 pages = {2557--2565},
 title = {Robust entrainment of circadian oscillators requires specific phase response curves.},
 volume = {100},
 year = {2011},
}

@article{Pittendrigh1991,
 author = {Pittendrigh, C. S. and Kyner, W. T. and Takamura, T.},
 journal = {J. Biol. Rhythms},
 month = {dec},
 number = {4},
 pages = {299--313},
 title = {The Amplitude of Circadian Oscillations: Temperature Dependence, Latitudinal Clines, and the Photoperiodic Time Measurement},
 volume = {6},
 year = {1991},
}

@article{Pulivarthy2007,
 author = {Pulivarthy, Sandhya R and Tanaka, Nobushige and Welsh, David K and {De Haro}, Luciano and Verma, Inder M and Panda, Satchidananda},
 journal = {Proc. Natl. Acad. Sci. U. S. A.},
 month = {dec},
 number = {51},
 pages = {20356--20361},
 title = {Reciprocity between phase shifts and amplitude changes in the mammalian circadian clock.},
 volume = {104},
 year = {2007},
}

@article{Ralph1990,
 author = {Ralph, M. R and Foster, R. G and Davis, F. C and Menaker, M},
 journal = {Science},
 month = {feb},
 number = {4945},
 pages = {975--978},
 title = {Transplanted suprachiasmatic nucleus determines circadian period.},
 volume = {247},
 year = {1990},
}

@article{Ramanathan2014,
 author = {Ramanathan, Chidambaram and Xu, Haiyan and Khan, Sanjoy K and Shen, Yang and Gitis, Paula J and Welsh, David K and Hogenesch, John B and Liu, Andrew C},
 journal = {PLoS Genet.},
 month = {apr},
 number = {4},
 pages = {e1004244},
 title = {Cell type-specific functions of period genes revealed by novel adipocyte and hepatocyte circadian clock models.},
 volume = {10},
 year = {2014},
}

@article{Rand2004,
 author = {Rand, D A and Shulgin, B V and Salazar, D and Millar, A J},
 journal = {J. R. Soc. Interface},
 month = {nov},
 number = {1},
 pages = {119--130},
 title = {Design principles underlying circadian clocks.},
 volume = {1},
 year = {2004},
}

@article{Raue2009,
 author = {Raue, A and Kreutz, C and Maiwald, T and Bachmann, J and Schilling, M and Klingm\"{u}ller, U and Timmer, J},
 journal = {Bioinformatics},
 month = {aug},
 number = {15},
 pages = {1923--1929},
 title = {Structural and practical identifiability analysis of partially observed dynamical models by exploiting the profile likelihood.},
 volume = {25},
 year = {2009},
}

@article{Ravn2002,
 author = {Ravn, M.O. and Uhlig, H.},
 number = {May},
 title = {On adjusting the Hodrick-Prescott Filter for the frequency of observations},
 volume = {84},
 year = {2002},
}

@article{Reischl2007,
 author = {Reischl, Silke and Vanselow, Katja and Westermark, P\aa l O and Thierfelder, Nadine and Maier, Bert and Herzel, Hanspeter and Kramer, Achim},
 journal = {J. Biol. Rhythms},
 month = {oct},
 number = {5},
 pages = {375--386},
 title = {Beta-TrCP1-mediated degradation of PERIOD2 is essential for circadian dynamics.},
 volume = {22},
 year = {2007},
}

@article{Relogio2011,
 author = {Rel\'{o}gio, Angela and Westermark, Pal O. and Wallach, Thomas and Schellenberg, Katja and Kramer, Achim and Herzel, Hanspeter},
 journal = {PLoS Comput. Biol.},
 month = {dec},
 number = {12},
 pages = {e1002309},
 title = {Tuning the Mammalian Circadian Clock: Robust Synergy of Two Loops},
 volume = {7},
 year = {2011},
}

@article{Rohling2011,
 author = {Rohling, Jos H T and VanderLeest, Henk Tjebbe and Michel, Stephan and Vansteensel, Mariska J and Meijer, Johanna H},
 journal = {PLoS One},
 month = {jan},
 number = {9},
 pages = {e25437},
 title = {Phase resetting of the mammalian circadian clock relies on a rapid shift of a small population of pacemaker neurons.},
 volume = {6},
 year = {2011},
}

@article{Rougemont2006,
 author = {Rougemont, Jacques and Naef, Felix},
 journal = {Phys. Rev. E},
 month = {jan},
 number = {1},
 pages = {011104},
 title = {Collective synchronization in populations of globally coupled phase oscillators with drifting frequencies},
 volume = {73},
 year = {2006},
}

@article{Rougemont2007,
 author = {Rougemont, Jacques and Naef, Felix},
 journal = {Mol. Syst. Biol.},
 month = {jan},
 number = {93},
 pages = {93},
 title = {Dynamical signatures of cellular fluctuations and oscillator stability in peripheral circadian clocks.},
 volume = {3},
 year = {2007},
}

@article{Sanft2011,
 author = {Sanft, K R and Gillespie, D T and Petzold, L R},
 journal = {IET Syst. Biol.},
 month = {jan},
 number = {1},
 pages = {58},
 title = {Legitimacy of the stochastic Michaelis-Menten approximation.},
 volume = {5},
 year = {2011},
}

@article{Sanft2011a,
 author = {Sanft, Kevin R and Wu, Sheng and Roh, Min and Fu, Jin and Lim, Rone Kwei and Petzold, Linda R},
 journal = {Bioinformatics},
 month = {sep},
 number = {17},
 pages = {2457--2458},
 title = {StochKit2: software for discrete stochastic simulation of biochemical systems with events.},
 volume = {27},
 year = {2011},
}

@article{Schwanhausser2011,
 author = {Schwanh\"{a}usser, Bj\"{o}rn and Busse, Dorothea and Li, Na and Dittmar, Gunnar and Schuchhardt, Johannes and Wolf, Jana and Chen, Wei and Selbach, Matthias},
 journal = {Nature},
 pages = {337--342},
 title = {Global quantification of mammalian gene expression control.},
 volume = {473},
 year = {2011},
}

@inproceedings{Serban2005,
 author = {Serban, R and Hindmarsh, Alan C},
 booktitle = {Proc. IDETC/CIE 2005},
 title = {CVODES: the Sensitivity-Enabled ODE Solver in SUNDIALS},
 year = {2005},
}

@article{Shi2013,
 author = {Shi, Shu-Qun and Ansari, Tasneem S and McGuinness, Owen P and Wasserman, David H and Johnson, Carl Hirschie},
 journal = {Curr. Biol.},
 month = {mar},
 number = {5},
 pages = {372--381},
 publisher = {Elsevier Ltd},
 title = {Circadian disruption leads to insulin resistance and obesity.},
 volume = {23},
 year = {2013},
}

@article{Siepka2007,
 author = {Siepka, Sandra M and Yoo, Seung-Hee and Park, Junghea and Song, Weimin and Kumar, Vivek and Hu, Yinin and Lee, Choogon and Takahashi, Joseph S},
 journal = {Cell},
 month = {jun},
 number = {5},
 pages = {1011--1023},
 title = {Circadian mutant Overtime reveals F-box protein FBXL3 regulation of cryptochrome and period gene expression.},
 volume = {129},
 year = {2007},
}

@article{St.John2013,
 author = {{St John}, Peter C and {Doyle~III}, Francis J},
 journal = {BMC Syst. Biol.},
 month = {jul},
 number = {1},
 pages = {71},
 title = {Estimating confidence intervals in predicted responses for oscillatory biological models.},
 volume = {7},
 year = {2013},
}

@article{St.John2014,
 author = {{St. John}, Peter C and Hirota, Tsuyoshi and Kay, Steve A. and {Doyle~III}, Francis J.},
 journal = {Proc. Natl. Acad. Sci. U. S. A.},
 month = {feb},
 number = {5},
 pages = {2040--2045},
 title = {Spatiotemporal separation of PER and CRY posttranslational regulation in the mammalian circadian clock.},
 volume = {111},
 year = {2014},
}

@article{St.John2014a,
 author = {{St. John}, Peter C. and Taylor, Stephanie R. and Abel, John H. and {Doyle~III}, Francis J.},
 journal = {Biophys. J.},
 month = {dec},
 number = {11},
 pages = {2712--2722},
 publisher = {Biophysical Society},
 title = {Amplitude Metrics for Cellular Circadian Bioluminescence Reporters},
 volume = {107},
 year = {2014},
}

@article{Stein1965,
 author = {Stein, R B},
 journal = {Biophys. J.},
 month = {mar},
 number = {5},
 pages = {173--194},
 title = {A theoretical analysis of neuronal variability.},
 volume = {5},
 year = {1965},
}

@article{Takano2004,
 author = {Takano, Atsuko and Isojima, Yasushi and Nagai, Katsuya},
 journal = {J. Biol. Chem.},
 month = {jul},
 number = {31},
 pages = {32578--32585},
 title = {Identification of mPer1 phosphorylation sites responsible for the nuclear entry.},
 volume = {279},
 year = {2004},
}

@article{Taylor2008,
 author = {Taylor, Stephanie R and {Doyle~III}, Francis J and Petzold, Linda R},
 journal = {Biophys. J.},
 month = {aug},
 number = {4},
 pages = {1658--1673},
 publisher = {Elsevier},
 title = {Oscillator model reduction preserving the phase response: application to the circadian clock},
 volume = {95},
 year = {2008},
}

@article{Taylor2008a,
 author = {Taylor, Stephanie R and Gunawan, Rudiyanto and Petzold, Linda R and {Doyle~III}, Francis J},
 journal = {IEEE Trans. Automat. Contr.},
 month = {jan},
 number = {January},
 pages = {177--188},
 title = {Sensitivity Measures for Oscillating Systems: Application to Mammalian Circadian Gene Network},
 volume = {53},
 year = {2008},
}

@article{Teramae2004,
 author = {Teramae, Jun-nosuke and Tanaka, Dan},
 journal = {Phys. Rev. Lett.},
 month = {nov},
 number = {20},
 pages = {204103},
 title = {Robustness of the noise-induced phase synchronization in a general class of limit cycle oscillators.},
 volume = {93},
 year = {2004},
}

@article{Tischkau2003,
 author = {Tischkau, Shelley A and Mitchell, Jennifer W and Tyan, Sheue-Houy and Buchanan, Gordon F and Gillette, Martha U},
 journal = {J. Biol. Chem.},
 month = {jan},
 number = {2},
 pages = {718--723},
 title = {Ca2+/cAMP response element-binding protein (CREB)-dependent activation of Per1 is required for light-induced signaling in the suprachiasmatic nucleus circadian clock.},
 volume = {278},
 year = {2003},
}

@article{To2007,
 author = {To, Tsz-Leung and Henson, Michael A and Herzog, Erik D and {Doyle~III}, Francis J},
 journal = {Biophys. J.},
 month = {jun},
 number = {11},
 pages = {3792--3803},
 publisher = {Elsevier},
 title = {A molecular model for intercellular synchronization in the mammalian circadian clock},
 volume = {92},
 year = {2007},
}

@article{Torrence1998,
 author = {Torrence, Christopher and Compo, Gilbert P.},
 journal = {Bull. Am. Meteorol. Soc.},
 number = {1},
 pages = {61--78},
 title = {A Practical Guide to Wavelet Analysis},
 volume = {79},
 year = {1998},
}

@article{Tzafriri2004,
 author = {Tzafriri, A.R. and Edelman, E.R.},
 journal = {J. Theor. Biol.},
 month = {feb},
 number = {3},
 pages = {303--313},
 title = {The total quasi-steady-state approximation is valid for reversible enzyme kinetics},
 volume = {226},
 year = {2004},
}

@article{Ukai2007,
 author = {Ukai, Hideki and Kobayashi, Tetsuya J and Nagano, Mamoru and Masumoto, Koh-hei and Sujino, Mitsugu and Kondo, Takao and Yagita, Kazuhiro and Shigeyoshi, Yasufumi and Ueda, Hiroki R},
 journal = {Nat. Cell Biol.},
 month = {nov},
 number = {11},
 pages = {1327--1334},
 title = {Melanopsin-dependent photo-perturbation reveals desynchronization underlying the singularity of mammalian circadian clocks.},
 volume = {9},
 year = {2007},
}

@article{VanOosterhout2012,
 author = {van Oosterhout, Floor and Lucassen, Eliane A and Houben, Thijs and VanderLeest, Henk Tjebbe and Antle, Michael C and Meijer, Johanna H},
 journal = {PLoS One},
 month = {jan},
 number = {6},
 pages = {e39693},
 title = {Amplitude of the SCN clock enhanced by the behavioral activity rhythm.},
 volume = {7},
 year = {2012},
}

@article{VanderHorst1999,
 author = {van der Horst, G T and Muijtjens, M and Kobayashi, K and Takano, R and Kanno, S and Takao, M and de Wit, J and Verkerk, A and Eker, A P and van Leenen, D and Buijs, R and Bootsma, D and Hoeijmakers, J H and Yasui, A},
 journal = {Nature},
 month = {apr},
 number = {6728},
 pages = {627--630},
 title = {Mammalian Cry1 and Cry2 are essential for maintenance of circadian rhythms},
 volume = {398},
 year = {1999},
}

@article{VanderVeen2012,
 author = {van der Veen, Daan R and Shao, Jinping and Xi, Yang and Li, Lei and Duffield, Giles E},
 journal = {PLoS One},
 month = {jan},
 number = {10},
 pages = {e47692},
 title = {Cardiac atrial circadian rhythms in PERIOD2::LUCIFERASE and per1:luc mice: amplitude and phase responses to glucocorticoid signaling and medium treatment.},
 volume = {7},
 year = {2012},
}

@article{Vanselow2006,
 author = {Vanselow, Katja and Vanselow, Jens T and Westermark, P\aa l O and Reischl, Silke and Maier, Bert and Korte, Thomas and Herrmann, Andreas and Herzel, Hanspeter and Schlosser, Andreas and Kramer, Achim},
 journal = {Genes Dev.},
 month = {oct},
 number = {19},
 pages = {2660--2672},
 title = {Differential effects of PER2 phosphorylation: molecular basis for the human familial advanced sleep phase syndrome (FASPS)},
 volume = {20},
 year = {2006},
}

@article{Vielhaber2000a,
 author = {Vielhaber, E. and Eide, E. and Rivers, A. and Gao, Z.-H. and Virshup, D. M.},
 journal = {Mol. Cell. Biol.},
 month = {jul},
 number = {13},
 pages = {4888--4899},
 title = {Nuclear Entry of the Circadian Regulator mPER1 Is Controlled by Mammalian Casein Kinase Ie},
 volume = {20},
 year = {2000},
}

@article{Vitaterna1994,
 author = {Vitaterna, M H and King, D P and Chang, A M and Kornhauser, J M and Lowrey, P L and McDonald, J D and Dove, W F and Pinto, L H and Turek, F W and Takahashi, J S},
 journal = {Science},
 number = {5159},
 pages = {719--725},
 title = {Mutagenesis and mapping of a mouse gene, Clock, essential for circadian behavior.},
 volume = {264},
 year = {1994},
}

@article{Voit2015,
 author = {Voit, Eberhard O and Martens, Harald A and Omholt, Stig W},
 journal = {PLoS Comput. Biol.},
 number = {1},
 pages = {1--7},
 title = {150 Years of the Mass Action Law.},
 volume = {11},
 year = {2015},
}

@article{Vollmers2009,
 author = {Vollmers, Christopher and Gill, Shubhroz and DiTacchio, Luciano and Pulivarthy, Sandhya R and Le, Hiep D and Panda, Satchidananda},
 journal = {Proc. Natl. Acad. Sci. U. S. A.},
 month = {dec},
 number = {50},
 pages = {21453--21458},
 title = {Time of feeding and the intrinsic circadian clock drive rhythms in hepatic gene expression.},
 volume = {106},
 year = {2009},
}

@article{Wachter2005,
 author = {Wachter, Andreas and Biegler, L. T.},
 journal = {Math. Program.},
 month = {apr},
 number = {1},
 pages = {25--57},
 title = {On the implementation of an interior-point filter line-search algorithm for large-scale nonlinear programming},
 volume = {106},
 year = {2006},
}

@article{Welsh2004,
 author = {Welsh, David K and Yoo, Seung-Hee and Liu, Andrew C and Takahashi, Joseph S and Kay, Steve A},
 journal = {Curr. Biol.},
 month = {dec},
 number = {24},
 pages = {2289--2295},
 title = {Bioluminescence imaging of individual fibroblasts reveals persistent, independently phased circadian rhythms of clock gene expression.},
 volume = {14},
 year = {2004},
}

@article{Westermark2009,
 author = {Westermark, P\aa l O and Welsh, David K and Okamura, Hitoshi and Herzel, Hanspeter},
 journal = {PLoS Comput. Biol.},
 month = {nov},
 number = {11},
 pages = {e1000580},
 title = {Quantification of circadian rhythms in single cells.},
 volume = {5},
 year = {2009},
}

@article{Whitley2001,
 author = {Whitley, D},
 journal = {Inf. Softw. Technol.},
 month = {dec},
 number = {14},
 pages = {817--831},
 title = {An overview of evolutionary algorithms: practical issues and common pitfalls},
 volume = {43},
 year = {2001},
}

@article{Wilkins2009,
 author = {Wilkins, Anna Katharina and Tidor, Bruce and White, Jacob and Barton, Paul I.},
 journal = {SIAM J. Sci. Comput.},
 number = {4},
 pages = {2706},
 title = {Sensitivity Analysis for Oscillating Dynamical Systems},
 volume = {31},
 year = {2009},
}

@article{Yagita2002,
 author = {Yagita, Kazuhiro and Tamanini, Filippo and Yasuda, Maya and Hoeijmakers, Jan H J and van der Horst, Gijsbertus T J and Okamura, Hitoshi},
 journal = {EMBO J.},
 month = {mar},
 number = {6},
 pages = {1301--1314},
 title = {Nucleocytoplasmic shuttling and mCRY-dependent inhibition of ubiquitylation of the mPER2 clock protein.},
 volume = {21},
 year = {2002},
}

@article{Yamajuku2012,
 author = {Yamajuku, Daisuke and Inagaki, Takahiko and Haruma, Tomonori and Okubo, Shingo and Kataoka, Yutaro and Kobayashi, Satoru and Ikegami, Keisuke and Laurent, Thomas and Kojima, Tomoko and Noutomi, Keiji and Hashimoto, Seiichi and Oda, Hiroaki},
 journal = {Sci. Rep.},
 month = {jan},
 pages = {439},
 title = {Real-time monitoring in three-dimensional hepatocytes reveals that insulin acts as a synchronizer for liver clock.},
 volume = {2},
 year = {2012},
}

@article{Yamazaki2000a,
 author = {Yamazaki, S. and Numano, R and Abe, M and Hida, A and Takahashi, R and Ueda, M and Block, G D and Sakaki, Y and Menaker, M and Tei, H},
 journal = {Science},
 month = {apr},
 number = {5466},
 pages = {682--685},
 title = {Resetting central and peripheral circadian oscillators in transgenic rats.},
 volume = {288},
 year = {2000},
}

@incollection{Yang2014,
 author = {Yang, Ruoting and Rodriguez-Fernandez, Maria and {St. John}, Peter C and {Doyle~III}, Francis J.},
 booktitle = {Model. Methodol. Physiol. Med. (Second Ed.},
 chapter = {8},
 pages = {159--187},
 publisher = {Elsevier},
 title = {8 \textendash  Systems Biology},
 year = {2014},
}

@article{Ye2011,
 author = {Ye, Rui and Selby, Christopher P and Ozturk, Nuri and Annayev, Yunus and Sancar, Aziz},
 journal = {J. Biol. Chem.},
 month = {jul},
 number = {29},
 pages = {25891--25902},
 title = {Biochemical analysis of the canonical model for the mammalian circadian clock.},
 volume = {286},
 year = {2011},
}

@article{Yoo2004,
 author = {Yoo, Seung-Hee and Yamazaki, Shin and Lowrey, Phillip L and Shimomura, Kazuhiro and Ko, Caroline H and Buhr, Ethan D and Siepka, Sandra M and Hong, Hee-Kyung and Oh, Won Jun and Yoo, Ook Joon and Menaker, Michael and Takahashi, Joseph S},
 journal = {Proc. Natl. Acad. Sci. U. S. A.},
 month = {apr},
 number = {15},
 pages = {5339--5346},
 title = {PERIOD2::LUCIFERASE real-time reporting of circadian dynamics reveals persistent circadian oscillations in mouse peripheral tissues.},
 volume = {101},
 year = {2004},
}

@article{Yoo2013,
 author = {Yoo, Seung-Hee and Mohawk, Jennifer A. and Siepka, Sandra M. and Shan, Yongli and Huh, Seong Kwon and Hong, Hee-Kyung and Kornblum, Izabela and Kumar, Vivek and Koike, Nobuya and Xu, Ming and Nussbaum, Justin and Liu, Xinran and Chen, Zheng and Chen, Zhijian J. and Green, Carla B. and Takahashi, Joseph S.},
 journal = {Cell},
 month = {feb},
 number = {5},
 pages = {1091--1105},
 publisher = {Elsevier Inc.},
 title = {Competing E3 Ubiquitin Ligases Govern Circadian Periodicity by Degradation of CRY in Nucleus and Cytoplasm.},
 volume = {152},
 year = {2013},
}

@article{Zak2003,
 author = {Zak, Daniel E and Gonye, Gregory E and Schwaber, James S and {Doyle~III}, Francis J},
 journal = {Genome Res.},
 month = {nov},
 number = {11},
 pages = {2396--2405},
 title = {Importance of input perturbations and stochastic gene expression in the reverse engineering of genetic regulatory networks: insights from an identifiability analysis of an in silico network.},
 volume = {13},
 year = {2003},
}

@article{Zhang2009,
 author = {Zhang, Eric E and Liu, Andrew C and Hirota, Tsuyoshi and Miraglia, Loren J and Welch, Genevieve and Pongsawakul, Pagkapol Y and Liu, Xianzhong and Atwood, Ann and Huss, Jon W and Janes, Jeff and Su, Andrew I and Hogenesch, John B and Kay, Steve A.},
 journal = {Cell},
 number = {1},
 pages = {199--210},
 publisher = {Elsevier Ltd},
 title = {A genome-wide RNAi screen for modifiers of the circadian clock in human cells},
 volume = {139},
 year = {2009},
}

@article{Zielinski2011,
 author = {Zieli\'{n}ski, Tomasz Piotr and Duda, Krzysztof},
 journal = {Metrol. Meas. Syst.},
 number = {4},
 pages = {505--528},
 title = {Frequency and damping estimation methods - An overview},
 volume = {18},
 year = {2011},
}

